@book{Lippman2013C,
  title     = {C++ Primer中文版},
  author    = { Lippman, Stanleyb.  and JoséeLajoie and  Moo, Barbarae. },
  publisher = {电子工业出版社},
  year      = {2013}
}
@book{BjarneStroustrup2002C,
  title     = {C++语言的设计和演化},
  author    = {BjarneStroustrup and Stroustrup and 裘宗燕},
  publisher = {机械工业出版社},
  year      = {2002}
}
